@misc{policy_genius,
  author        = {{Rachael Brennan, Logan Sachon}},
  title         = {{Self-driving cars make 76\% of Americans feel less safe on the road}},
  journal       = {{Policygenius}},
  year          = "2022 [Online]",
  month         = "Sep. 14,",
  url           = "https://www.policygenius.com/auto-insurance/self-driving-cars-survey-2022/"
}

@misc{twi,   
    title = {TWI Global},   
    url = {https://www.twi-global.com/technical-knowledge/faqs/what-is-an-autonomous-vehicle},   
    year = {2022},   
    note = {Accessed on March 15, 2023} 
}

@misc{code2pdf,
    title = {code2pdf - a simple tool for convert your source code to a PDF file},
    author = {Lucas Caton},
    url = {https://github.com/lucascaton/code2pdf},
    year = {2011},
    note = {Accessed on April 4, 2023} 
}

@misc{safetypool,
    title = {Safety Pool™ Scenario Database},
    url = {https://www.safetypool.ai/database},
    year = {2022},
    note = {Accessed on April 4, 2023} 
}

@article{zhang2019roles,
  title={The roles of initial trust and perceived risk in public’s acceptance of automated vehicles},
  author={Zhang, Tingru and Tao, Da and Qu, Xingda and Zhang, Xiaoyan and Lin, Rui and Zhang, Wei},
  journal={Transportation research part C: emerging technologies},
  volume={98},
  pages={207--220},
  year={2019},
  publisher={Elsevier}
}

@inproceedings{maierhofer2021commonroad,
  title={Commonroad scenario designer: An open-source toolbox for map conversion and scenario creation for autonomous vehicles},
  author={Maierhofer, Sebastian and Klischat, Moritz and Althoff, Matthias},
  booktitle={2021 IEEE International Intelligent Transportation Systems Conference (ITSC)},
  pages={3176--3182},
  year={2021},
  organization={IEEE}
}

@INPROCEEDINGS{528266,
  author={Jochem, T. and Pomerleau, D. and Kumar, B. and Armstrong, J.},
  booktitle={Proceedings of the Intelligent Vehicles '95. Symposium}, 
  title={PANS: a portable navigation platform}, 
  year={1995},
  volume={},
  number={},
  pages={107-112},
  doi={10.1109/IVS.1995.528266}}


@book{fraade2018measuring,
  title={Measuring automated vehicle safety: Forging a framework},
  author={Fraade-Blanar, Laura and Blumenthal, Marjory S and Anderson, James M and Kalra, Nidhi},
  year={2018}
}

@INPROCEEDINGS{8569669,
  author={Roesener, Christian and Harth, Michael and Weber, Hendrik and Josten, Johanna and Eckstein, Lutz},
  booktitle={2018 21st International Conference on Intelligent Transportation Systems (ITSC)}, 
  title={Modelling Human Driver Performance for Safety Assessment of Road Vehicle Automation}, 
  year={2018},
  volume={},
  number={},
  pages={735-741},
  doi={10.1109/ITSC.2018.8569669}
}

@article{fuller2008did,
  title={Did Davinci really sketch a primitive version of the car?},
  author={Fuller, J},
  journal={HowStuffWorks. com},
  pages={1},
  year={2008}
}

@article{engelking2017driverless,
  title={The ‘Driverless’ Car Era Began More Than 90 Years Ago},
  author={Engelking, C},
  journal={Retrieved February},
  volume={20},
  pages={2019},
  year={2017}
}

@manual{eu_commision,
    organization  = "European commission Directorate-General for Mobility and Transport",
    title         = "Road safety in the EU: fatalities in 2021 remain well below pre-pandemic level",
    year          =  2022,
    month         =  3,    
    url          = {https://transport.ec.europa.eu/news/preliminary-2021-eu-road-safety-statistics-2022-03-28_en}
}


@manual{nhtsa_data,
    organization  = "National Highway Traffic Safety Administration",
    title         = "Traffic Safety Facts Annual Report Tables",
    year          =  2022,
    month         =  6,    
    url          = {https://cdan.nhtsa.gov/tsftables/tsfar.htm#}
}

@article{focusing_on_things,
  author  = "Morela Hernandez",
  title   = "The Impossibility of Focusing on Two Things at Once",
  journal = "MIT Sloan",
  year    = 2018,
}


@inproceedings{dosovitskiy2017carla,
  title={CARLA: An open urban driving simulator},
  author={Dosovitskiy, Alexey and Ros, German and Codevilla, Felipe and Lopez, Antonio and Koltun, Vladlen},
  booktitle={Conference on robot learning},
  pages={1--16},
  year={2017},
  organization={PMLR}
}

@inproceedings{li2019estimation,
  title={Estimation and analysis of minimum traveling distance in self-driving vehicle to prove their safety on road test},
  author={Li, Ruxin and Zhai, Runping},
  booktitle={Journal of Physics: Conference Series},
  volume={1168},
  number={3},
  pages={032101},
  year={2019},
  organization={IOP Publishing}
}

@inproceedings{van2015automated,
  title={Automated generation of virtual driving scenarios from test drive data},
  author={van der Made, Robin and Tideman, Martijn and Lages, Ulrich and Katz, Roman and Spencer, Martin},
  booktitle={24th International Technical Conference on the Enhanced Safety of Vehicles (ESV) National Highway Traffic Safety Administration},
  number={15-0268},
  year={2015}
}

@misc{sae,
    title = {SAE Levels of Driving Automation Refined for Clarity and International Audience},
    url = {https://www.sae.org/blog/sae-j3016-update},
    year = {2021},
    note = {Accessed on April 4, 2023} 
    author = {SAE}
}

@misc{paypal_ml,
    title = {The power of data: How PayPal leverages machine learning to tackle fraud},
    url = {https://www.paypal.com/us/brc/article/paypal-machine-learning-stop-fraud},
    year = {2021},
    note = {Accessed on April 4, 2023} 
}

@misc{mastercard_ml,
    title = {Mastercard and Network International launch new Artificial Intelligence fraud-prevention solution},
    url = {https://www.mastercard.com/news/eemea/en/newsroom/press-releases/press-releases/en/2023/february/mastercard-and-network-international-launch-new-artificial-intelligence-fraud-prevention-solution/},
    year = {2023},
    note = {Accessed on April 4, 2023} 
}

@misc{bcs_code,
    title = {BCS Code of Conduct},
    url = {https://www.bcs.org/membership-and-registrations/become-a-member/bcs-code-of-conduct/},
    note = {Accessed on April 4, 2023} 
}

@INPROCEEDINGS{8612054,
  author={Kocić, Jelena and Jovičić, Nenad and Drndarević, Vujo},
  booktitle={2018 26th Telecommunications Forum (TELFOR)}, 
  title={Sensors and Sensor Fusion in Autonomous Vehicles}, 
  year={2018},
  volume={},
  number={},
  pages={420-425},
  doi={10.1109/TELFOR.2018.8612054}
}
  
@article{vargas2021overview,
  title={An overview of autonomous vehicles sensors and their vulnerability to weather conditions},
  author={Vargas, Jorge and Alsweiss, Suleiman and Toker, Onur and Razdan, Rahul and Santos, Joshua},
  journal={Sensors},
  volume={21},
  number={16},
  pages={5397},
  year={2021},
  publisher={MDPI}
}

@article{choi2015investigating,
  title={Investigating the importance of trust on adopting an autonomous vehicle},
  author={Choi, Jong Kyu and Ji, Yong Gu},
  journal={International Journal of Human-Computer Interaction},
  volume={31},
  number={10},
  pages={692--702},
  year={2015},
  publisher={Taylor \& Francis}
}

@inproceedings{dupuis2010opendrive,
  title={Opendrive 2010 and beyond--status and future of the de facto standard for the description of road networks},
  author={Dupuis, Marius and Strobl, Martin and Grezlikowski, Hans},
  booktitle={Proc. of the Driving Simulation Conference Europe},
  pages={231--242},
  year={2010}
}

@article{pedregosa2011scikit,
  title={Scikit-learn: Machine learning in Python},
  author={Pedregosa, Fabian and Varoquaux, Ga{\"e}l and Gramfort, Alexandre and Michel, Vincent and Thirion, Bertrand and Grisel, Olivier and Blondel, Mathieu and Prettenhofer, Peter and Weiss, Ron and Dubourg, Vincent and others},
  journal={the Journal of machine Learning research},
  volume={12},
  pages={2825--2830},
  year={2011},
  publisher={JMLR. org}
}